% Encoding: UTF-8

@Electronic{3D_Druckverfahren,
  author = {{Rapidobject GmbH}},
  title  = {3D Druckverfahren – Im Überblick},
  year   = {2019},
  url    = {https://www.rapidobject.com/de/Wissenswertes/3D-Druckverfahren_1173.html},
  note   = {(Abrufdatum 06.03.2019)},
}

@Electronic{Fused_Deposition_Modeling,
  author = {{Rapidobject GmbH }},
  title  = {Fused Deposition Modeling (FDM)},
  year   = {2019},
  url    = {https://www.rapidobject.com/de/Wissenswertes/3D-Druckverfahren/Fused-Deposition-Modeling-FDM_1246.html},
  note   = {(Abrufdatum 06.03.2019)},
}

@Electronic{marlin_webseite,
  author = {{Erik van der Zalm}},
  title  = {Marlin Firmware - The firmware we all trust},
  year   = {2019},
  url    = {http://marlinfw.org/},
  note   = {(Abrufdatum: 07.03.2019)},
}

@Electronic{marlin_gnu_lizenz,
  author = {{Richard Stallman}},
  title  = {GNU General Public License Version 3},
  year   = {2019},
  url    = {https://www.gnu.org/licenses/gpl-3.0.txt},
  note   = {(Abrufdatum: 07.03.2019)},
}

@Electronic{drucker_spezifiaktion,
  author = {{Velleman NV}},
  title  = {Spezifikation K8200},
  year   = {2019},
  url    = {http://www.k8200.eu/specs},
  note   = {(Abrufdatum: 07.03.2019)},
}

@Electronic{ESP8266_spezifiaktion,
  author = {{Espressif Systems}},
  title  = {Spezifikation ESP8266},
  year   = {2015},
  url    = {https://cdn-shop.adafruit.com/product-files/2471/0A-ESP8266__Datasheet__EN_v4.3.pdf},
  note   = {(Abrufdatum: 07.03.2019)},
}

@Electronic{ATmega2560_spezifiaktion,
  author = {{Microchip Technology}},
  title  = {Spezifikation ATmega2560},
  year   = {2014},
  url    = {http://ww1.microchip.com/downloads/en/DeviceDoc/Atmel-2549-8-bit-AVR-Microcontroller-ATmega640-1280-1281-2560-2561_datasheet.pdf},
  note   = {(Abrufdatum: 07.03.2019)},
}

@Electronic{ESP3D_git,
  author = {{GitHub Contributors}},
  title  = {Firmware for ESP8266/ESP8285/ESP32 used with 3D printer},
  year   = {2018},
  url    = {https://github.com/luc-github/ESP3D},
  note   = {(Abrufdatum: 12.03.2019)},
}

@Electronic{ESP3D_Web_UI,
  author = {{GitHub Contributors }},
  title  = {ESP3D Web UI},
  year   = {2019},
  url    = {https://raw.githubusercontent.com/luc-github/ESP3D-WEBUI/master/images/Full1.PNG},
  note   = {(Abrufdatum: 12.03.2019)},
}

@Electronic{G_Code_Tutorial,
  author = {{Simplify3D}},
  title  = {G-Code Tutorial},
  year   = {2019},
  url    = {https://www.simplify3d.com/support/articles/3d-printing-gcode-tutorial/},
  note   = {(Abrufdatum 12.03.2019)},
}

@Electronic{Marlin_Configuration,
  author = {{Marlin}},
  title  = {Configuring Marlin 1.1},
  year   = {2019},
  url    = {http://marlinfw.org/docs/configuration/configuration.html},
  note   = {(Abrufdatum 12.03.2019)},
}

@Electronic{ersatzteileK8200,
  author = {{Velleman}},
  title  = {Infoblatt Ersatzteile K8200},
  year   = {2014},
  url    = {https://www.velleman.eu/downloads/0/infosheets/datasheet_spareparts_k8200_d.pdf},
  note   = {(Abrufdatum 25.03.2019)},
}

@Electronic{steppermotor,
  author = {{Wantai}},
  title  = {Datenblatt Schrittmotor},
  year   = {2019},
  url    = {https://cdn.solarbotics.com/products/datasheets/3303_0_datasheet.pdf},
  note   = {(Abrufdatum 25.03.2019)},
}

@Electronic{ender3_spezifiaktion,
  author    = {{Creality3D}},
  title     = {Creality3D Ender-3 3D-Drucker},
  year      = {2019},
  url       = {https://www.creality3d.shop/collections/3d-printer/products/creality-ender-3-3d-printer-economic-ender-diy-kits-with-resume-printing-function-v-slot-prusa-i3-220x220x250mm},
  note      = {(Abrufdatum: 11.04.2019)},
  timestamp = {11-04-2019},
}

@Electronic{Heizbett_Ender3,
  author    = {{Amazon}},
  title     = {Baoblaze 3D Drucker Heizbett},
  year      = {2019},
  url       = {https://www.amazon.de/Baoblaze-Drucker-Heizbett-Heatbed-Ersatzteile-Schwarz/dp/B07M828171},
  note      = {(Abrufdatum 11.04.2019)},
  timestamp = {11-04-2019},
}

@Electronic{Extruder_Heizung,
  author    = {{Amazon }},
  title     = {Fityle MK10 Extruder Hot End Kit 24V 40W},
  year      = {2019},
  url       = {https://www.amazon.de/Fityle-Extruder-Heizung-Ender-3-3D-Drucker-als-Bild/dp/B07HWNPMTD},
  note      = {(Abrufdatum 11.04.2019)},
  timestamp = {27-04-2019},
}

@Comment{jabref-meta: databaseType:biblatex;}
