
@misc{noauthor_cocktailavenue_nodate,
	title = {{CocktailAvenue} – {Cocktailmaschinen} für {Ihre} {Feier}!},
	url = {http://www.cocktailavenue.de/?done=done&pcf=1#contact},
	urldate = {2019-09-28},
	file = {CocktailAvenue – Cocktailmaschinen für Ihre Feier!:C\:\\Users\\kimsc\\Zotero\\storage\\23FZ4IZZ\\www.cocktailavenue.de.html:text/html}
}

@misc{noauthor_pressenachricht:_nodate,
	title = {Pressenachricht: {AlphaInvent} {UG} präsentiert {CocktailAvenue} - prmaximus.de},
	url = {https://www.prmaximus.de/109140},
	urldate = {2019-09-28},
	file = {Pressenachricht\: AlphaInvent UG präsentiert CocktailAvenue - prmaximus.de:C\:\\Users\\kimsc\\Zotero\\storage\\YFVMIVD4\\109140.html:text/html}
}

@misc{noauthor_automatisiertes_nodate,
	title = {Automatisiertes {Cocktail}-{Mixgerät}},
	url = {https://www.igus.ch/info/linear-guides-cocktail-mixing-device?L=de},
	urldate = {2019-09-28},
	file = {Automatisiertes Cocktail-Mixgerät:C\:\\Users\\kimsc\\Zotero\\storage\\WNQPKJZB\\linear-guides-cocktail-mixing-device.html:text/html}
}

@misc{noauthor_cocktailmaschine_nodate,
	title = {Die {Cocktailmaschine} – {Die} {Cocktailmaschine} – in 3 {Sekunden} bis zum perfekten {Cocktail}},
	url = {http://www.der-cocktailmixer.de/},
	urldate = {2019-09-28},
	file = {Die Cocktailmaschine – Die Cocktailmaschine – in 3 Sekunden bis zum perfekten Cocktail:C\:\\Users\\kimsc\\Zotero\\storage\\Y8XBEKSB\\www.der-cocktailmixer.de.html:text/html}
}

@misc{noauthor_spirits_nodate,
	title = {Spirits - die mobile {Cocktailmaschine} - das {Ding} des {Jahres}},
	url = {https://www.the-cocktailmachine.com/},
	urldate = {2019-09-28},
	file = {Spirits - die mobile Cocktailmaschine - das Ding des Jahres:C\:\\Users\\kimsc\\Zotero\\storage\\MJMQT9FV\\www.the-cocktailmachine.com.html:text/html}
}