
@online{nxp_bv_2010_antenna_2010,
	title = {Antenna design guide for {MFRC}52x, {PN}51x and {PN}53x},
	url = {https://my.eng.utah.edu/~mlewis/ref/NFC/AN1445.pdf},
	abstract = {Antenna design guide for {MFRC}52x, {PN}51x and {PN}53x},
	author = {{NXP B.V. 2010}},
	date = {2010-10-11},
	file = {AN1445.pdf:C\:\\Users\\kimsc\\Zotero\\storage\\26ZDXSLW\\AN1445.pdf:application/pdf}
}

@online{arduino_cc_arduino_2017,
	title = {Arduino Uno Schematic},
	url = {https://www.arduino.cc/en/uploads/Main/arduino-uno-schematic.pdf},
	shorttitle = {Arduino Uno Reference Design},
	author = {Arduino cc},
	date = {2017-04-07},
	file = {arduino-uno-schematic.pdf:C\:\\Users\\kimsc\\Zotero\\storage\\4D5TPNUX\\arduino-uno-schematic.pdf:application/pdf}
}

@online{espressif_systems_esp32_2016,
	title = {{ESP}32 Schematic},
	url = {https://dl.espressif.com/dl/schematics/ESP32-Core-Board-V2_sch.pdf},
	abstract = {Schematic {ESP} 32},
	author = {{Espressif Systems}},
	date = {2016-10-17},
	file = {ESP32-Core-Board-V2_sch.pdf:C\:\\Users\\kimsc\\Zotero\\storage\\JY67XZDQ\\ESP32-Core-Board-V2_sch.pdf:application/pdf}
}

@online{noauthor_avrdude_nodate,
	title = {{AVRDUDE} – Mikrocontroller.net},
	url = {https://www.mikrocontroller.net/articles/AVRDUDE},
	urldate = {2020-05-01},
	file = {AVRDUDE – Mikrocontroller.net:C\:\\Users\\kimsc\\Zotero\\storage\\4I99DTIK\\AVRDUDE.html:text/html}
}

@online{noauthor_avr_nodate,
	title = {{AVR} Fuses – Mikrocontroller.net},
	url = {https://www.mikrocontroller.net/articles/AVR_Fuses},
	urldate = {2020-05-01},
	file = {AVR Fuses – Mikrocontroller.net:C\:\\Users\\kimsc\\Zotero\\storage\\RZE5LHZK\\AVR_Fuses.html:text/html}
}

@online{admin_all_2013,
	title = {All you need to know about {AVR} fuses},
	url = {https://embedds.com/all-you-need-to-know-about-avr-fuses/},
	abstract = {{AVR} lock bits and fuses are one of the topics that may cause some confusion. If you missed something or set one bit wrong, it may lead to failure – bricking whole {AVR} chip. So it is important to understand once and do things right. Even though datasheets give enough information about {AVR} fuses, many times, we feel somewhat unsure before executing write command. Let us go through main features of {AVR} fuses and lock bits so next time we would feel safe and get expected results. Fuses and lock bits Before we begin to analyze fuse and lock bits, we must learn one thing that: fuse bit = 1 is {UN}-programmed (inactive); fuse bit = 0 is programmed (active); This is one of the main confusions while programming fuse and lock bits. We are used to thinking that setting value means writing 1, right? So with {AVR} fuses, this is opposite, and we have to deal with this. Fuse and lock bits are located on separate nonvolatile memory area. If we look at Atmega328p microcontroller, it has four bytes… Continue reading},
	titleaddon = {Embedds},
	author = {{admin}},
	urldate = {2020-05-01},
	date = {2013-05-30},
	langid = {american},
	note = {Library Catalog: embedds.com},
	file = {Snapshot:C\:\\Users\\kimsc\\Zotero\\storage\\F6HWGPFN\\all-you-need-to-know-about-avr-fuses.html:text/html}
}

@online{noauthor_esp-bootloader-sequence-esptool-vs-actual-10us-delaypng_nodate,
	title = {esp-bootloader-sequence-esptool-vs-actual-10us-delay.png ({PNG}-Grafik, 792 × 151 Pixel)},
	url = {https://liudr.files.wordpress.com/2018/04/esp-bootloader-sequence-esptool-vs-actual-10us-delay.png},
	urldate = {2020-07-06},
	file = {esp-bootloader-sequence-esptool-vs-actual-10us-delay.png (PNG-Grafik, 792 × 151 Pixel):C\:\\Users\\kimsc\\Zotero\\storage\\4CIKZLVY\\esp-bootloader-sequence-esptool-vs-actual-10us-delay.html:text/html}
}

@online{jlcpcb_jlcpcb_2020,
	title = {{JLCPCB} Capabilities},
	url = {https://jlcpcb.com/capabilities/Capabilities},
	author = {{JLCPCB}},
	urldate = {2020-09-10},
	date = {2020-09-10},
	file = {JLCPCB:C\:\\Users\\kimsc\\Zotero\\storage\\3FK6H4IZ\\Capabilities.html:text/html}
}

@online{trinamicmotion_control_gmbh__co_kg_tmc6200_2019,
	title = {{TMC}6200 Datasheet Rev. 1.05},
	url = {https://www.mev-elektronik.com/files/MEV%20Elektronik%20Service/produkt-downloads/motion-control/TMC6200_datasheet.pdf},
	abstract = {{TMC}6200 Datasheet},
	author = {{TRINAMICMotion Control GmbH \& Co. KG}},
	urldate = {2020-09-11},
	date = {2019-11-12},
	file = {TMC6200_datasheet.pdf:C\:\\Users\\kimsc\\Zotero\\storage\\JFJABULH\\TMC6200_datasheet.pdf:application/pdf}
}

@online{espressif_systems_esp32_2020,
	title = {{ESP}32 Datasheet},
	url = {https://www.espressif.com/sites/default/files/documentation/esp32_datasheet_en.pdf},
	abstract = {Datasheet {ESP} 32 Version 3.4},
	author = {{Espressif Systems}},
	date = {2020-04-27},
	file = {esp32_datasheet_en.pdf:C\:\\Users\\kimsc\\Zotero\\storage\\2R4Z2IA4\\esp32_datasheet_en.pdf:application/pdf}
}

@online{trinamicmotion_control_gmbh__co_kg_tmc4671_2019,
	title = {{TMC}4671 Datasheet V1.06},
	url = {https://www.trinamic.com/fileadmin/assets/Products/ICs_Documents/TMC4671_datasheet_v1.06.pdf},
	abstract = {{TMC}4671 Datasheet},
	author = {{TRINAMICMotion Control GmbH \& Co. KG}},
	urldate = {2020-09-11},
	date = {2019-02-06},
	file = {TMC4671_datasheet_v1.06.pdf:C\:\\Users\\kimsc\\Zotero\\storage\\BIB2SN23\\TMC4671_datasheet_v1.06.pdf:application/pdf}
}

@online{trinamicmotion_control_gmbh__co_kg_tmc4671-bob_2020,
	title = {{TMC}4671-{BOB} Datasheet Rev1.2 {HW}1.4},
	url = {https://www.trinamic.com/fileadmin/assets/Products/Eval_Documents/TMC4671-BOB_datasheet_Rev1.2_HW1.4.pdf},
	abstract = {{TMC}4671-{BOB} Datasheet},
	author = {{TRINAMICMotion Control GmbH \& Co. KG}},
	urldate = {2020-09-11},
	date = {2020-04-10},
	file = {TMC4671-BOB_datasheet_Rev1.2_HW1.4.pdf:C\:\\Users\\kimsc\\Zotero\\storage\\ZYSMF8J9\\TMC4671-BOB_datasheet_Rev1.2_HW1.4.pdf:application/pdf}
}

@article{akm_servomotoren_2020,
	title = {Servomotoren {AKM}},
	url = {https://www.sigmatek-automation.com/fileadmin/user_upload/downloads/Servomotoren-AKM.pdf},
	pages = {258},
	author = {Akm, Servomotoren},
	urldate = {2020-09-11},
	date = {2020-07-23},
	file = {Akm - Servomotoren AKM.pdf:C\:\\Users\\kimsc\\Zotero\\storage\\8EH2KS9F\\Akm - Servomotoren AKM.pdf:application/pdf}
}

@online{cui_devices_cui_2019,
	title = {{CUI} {AMT}33S-V Datasheet Rev 1.01},
	url = {https://www.cuidevices.com/product/resource/amt33.pdf},
	abstract = {{CUI} {AMT}33S-V Datasheet Rev 1.01},
	author = {{CUI Devices}},
	urldate = {2020-09-11},
	date = {2019-04-10},
	file = {amt33.pdf:C\:\\Users\\kimsc\\Zotero\\storage\\AFLSTPD9\\amt33.pdf:application/pdf}
}

@article{zenkner_usb_2014,
	title = {Das {USB} Interface aus {EMV} Sicht},
	url = {https://www.all-electronics.de/wp-content/uploads/2015/11/ANP024-DE-Das-USB-Interface-aus-EMV-Sicht-35k-37images.pdf},
	pages = {15},
	author = {Zenkner, Von Heinz},
	urldate = {2020-09-11},
	date = {2014-07-28},
	langid = {german},
	file = {Zenkner - Das USB Interface aus EMV Sicht.pdf:C\:\\Users\\kimsc\\Zotero\\storage\\DDMITBFV\\Zenkner - Das USB Interface aus EMV Sicht.pdf:application/pdf}
}

@video{kleitz_sec_2011,
	title = {sec 11 4 Switch Debouncing},
	url = {https://www.youtube.com/watch?v=uQTPZoDbfUs},
	abstract = {switch debouncing techniques},
	author = {Kleitz, Bill},
	urldate = {2020-09-11},
	date = {2011}
}

@online{trinamicmotion_control_gmbh__co_kg_tmc-ups-xaxv-eval_2017,
	title = {{TMC}-{UPS}-{xAxV}-{EVAL}},
	url = {https://www.trinamic.com/support/eval-kits/details/tmc-ups-xaxv-eval/},
	abstract = {{TMC}-{UPS}-{xAxV}-{EVAL}},
	titleaddon = {Trinamic},
	author = {{TRINAMICMotion Control GmbH \& Co. KG}},
	urldate = {2020-09-11},
	date = {2017-10-18},
	langid = {american},
	file = {Snapshot:C\:\\Users\\kimsc\\Zotero\\storage\\VERX8QMK\\tmc-ups-xaxv-eval.html:text/html}
}

@online{nxp_semiconductors_nv_mfrc522_2017,
	title = {{MFRC}522 Datasheet Rev. 3.9},
	url = {https://www.nxp.com/docs/en/data-sheet/MFRC522.pdf},
	abstract = {{MFRC}522 Datasheet},
	author = {{NXP Semiconductors N.V.}},
	urldate = {2020-09-11},
	date = {2017-04-27},
	langid = {english},
	file = {2016 - MFRC522 Standard performance MIFARE and NTAG front.pdf:C\:\\Users\\kimsc\\Zotero\\storage\\YMQDADDF\\2016 - MFRC522 Standard performance MIFARE and NTAG front.pdf:application/pdf}
}

@online{rfid-basisde_aufbau_2018,
	title = {Aufbau und Funktionsweise von {RFID}-Systemen - {RFID} Technik},
	url = {https://www.rfid-basis.de/rfid-technik.html},
	author = {{RFID-basis.de}},
	urldate = {2020-09-11},
	date = {2018-09-15},
	langid = {german},
	file = {Aufbau und Funktionsweise von RFID-Systemen - RFID Technik:C\:\\Users\\kimsc\\Zotero\\storage\\LJEF2E95\\rfid-technik.html:text/html}
}

@online{behindthesciences_rgb_2017,
	title = {{RGB} {LED} {STRIP} Tutorial},
	url = {https://behindthesciences.com/electronics/rgb-led-strip-tutorial/},
	abstract = {This post presents an {RGB} {LED} strip tutorial including how to power it and how to create color from the full {RGB} color spectrum.},
	titleaddon = {Behind The Sciences},
	author = {{behindthesciences}},
	urldate = {2020-09-11},
	date = {2017-01-27},
	langid = {american},
	file = {Snapshot:C\:\\Users\\kimsc\\Zotero\\storage\\3A78Z6SG\\rgb-led-strip-tutorial.html:text/html}
}

@online{theorycircuitcom_arduino_2018,
	title = {Arduino micro {SD} Card Data Logger},
	url = {https://theorycircuit.com/arduino-micro-sd-card-data-logger/},
	abstract = {If you want to track or monitor the sensor output value then it is important to log the data, Here temperature sensor {LM}35 output data is stored in a Micro {SD} card with the help of arduino and Micro {SD} card adapter, You can use this setup as Arduino {SD} card data logger and it can be exported to excel sheet for data analysis. You can define the time interval of data reading and storing in {SD} card by the Arduino Code, Any types of sensors can be used as a data input source and the following setup will capture the sensor data and writes into {SD} as text file. micro {SD} Card Pinout Micro {SD} memory card available in different},
	titleaddon = {{theoryCIRCUIT} - Do It Yourself Electronics Projects},
	author = {{theorycircuit.com}},
	urldate = {2020-09-11},
	date = {2018-01-08},
	langid = {american},
	file = {Snapshot:C\:\\Users\\kimsc\\Zotero\\storage\\A6SCBX8C\\arduino-micro-sd-card-data-logger.html:text/html}
}

@online{ionosde_fat32_2020,
	title = {{FAT}32},
	url = {https://www.ionos.de/digitalguide/server/knowhow/fat32/},
	abstract = {Microsoft hatte mit dem File Allocation Table und vor allem {FAT}32 lange Zeit den De-facto-Standard für Dateiformate inne. Aber ist das System noch zeitgemäß?},
	titleaddon = {{IONOS} Digitalguide},
	author = {{ionos.de}},
	urldate = {2020-09-11},
	date = {2020-04-15},
	langid = {german},
	file = {Snapshot:C\:\\Users\\kimsc\\Zotero\\storage\\VUSFVCAM\\fat32.html:text/html}
}

@online{milsch_aufbau_2009,
	title = {Aufbau des {FAT}32 Dateisystems},
	url = {https://docplayer.org/78333139-Aufbau-des-fat32-dateisystems.html},
	abstract = {Aufbau des {FAT}32 Dateisystems {ERIK} {MILSCH}, Würzburg, Germany, Februar Historie und Grundlagen Das {FAT}32 Dateisystem wurden von Microsoft im Jahre 1997 als Nachfolger des {FAT}16 Dateisystem eingeführt.},
	author = {Milsch, Erik},
	urldate = {2020-09-11},
	date = {2009-02},
	file = {Snapshot:C\:\\Users\\kimsc\\Zotero\\storage\\PLISBZ5S\\78333139-Aufbau-des-fat32-dateisystems.html:text/html}
}

@software{grokhotkov_espressifarduino-esp32_2020,
	title = {espressif/arduino-esp32},
	rights = {{LGPL}-2.1 License         ,                 {LGPL}-2.1 License},
	url = {https://github.com/espressif/arduino-esp32},
	abstract = {Arduino core for the {ESP}32. Contribute to espressif/arduino-esp32 development by creating an account on {GitHub}.},
	publisher = {Espressif Systems},
	author = {Grokhotkov, Ivan and Sovani, Kedar and Jain, Mahavir and Dev, Me No and Gratton, Angus and Domburg, Jeroen},
	urldate = {2020-09-12},
	date = {2020-09-12},
	note = {original-date: 2016-10-06T06:04:20Z},
	keywords = {arduino, esp-idf, esp32, platformio}
}

@online{santos_esp32_2018,
	title = {{ESP}32 Web Server - Arduino {IDE} {\textbar} Random Nerd Tutorials},
	url = {https://randomnerdtutorials.com/esp32-web-server-arduino-ide/},
	abstract = {In this project you'll create a standalone web server with an {ESP}32 that can toggle two {LEDs} using the Arduino {IDE} programming environment.},
	author = {Santos, Rui},
	urldate = {2020-09-12},
	date = {2018-07-16},
	langid = {american}
}

@online{savannahgnuorg_index_2016,
	title = {Index of /releases/avrdude/},
	url = {http://download.savannah.gnu.org/releases/avrdude/},
	titleaddon = {Index of /releases/avrdude/},
	author = {{savannah.gnu.org}},
	urldate = {2020-09-12},
	date = {2016-02-17},
	langid = {english},
	file = {Index of /releases/avrdude/:C\:\\Users\\kimsc\\Zotero\\storage\\GVNGX4ZE\\avrdude.html:text/html}
}

@online{vidmofollow_turn_2017,
	title = {Turn Arduino's Serial Converter Into {AVRISP} {MkII} Clone},
	url = {https://www.instructables.com/id/Turn-Arduinos-Serial-Converter-Into-AVRISP-MkII-Cl/},
	abstract = {Turn Arduino's Serial Converter Into {AVRISP} {MkII} Clone : I'll show you how to use Arduino’s {USB}-serial converter as {AVRISP} {mkII}. Process is completely reversible. You’ll need: Arduino {UNO}, or any other board with {ATmega}16U2 or 32U2 (8U2 has too small flash) {USB}-serial converter,  Some wires,Optionally for…},
	titleaddon = {Instructables},
	author = {{VidmoFollow}},
	urldate = {2020-09-12},
	date = {2017-01-10},
	langid = {english},
	file = {Snapshot:C\:\\Users\\kimsc\\Zotero\\storage\\86EU65DV\\Turn-Arduinos-Serial-Converter-Into-AVRISP-MkII-Cl.html:text/html}
}

@online{dharmani_sdsdhc_2009,
	title = {{SD}/{SDHC} Card Interfacing with {ATmega}8 /32 ({FAT}32 implementation)},
	url = {https://www.dharmanitech.com/2009/01/sd-card-interfacing-with-atmega8-fat32.html},
	abstract = {Hi friends,  Here is my project on interfacing of {SD} Card ({microSD}). {microSD} cards are available very cheap nowadays, a great option for ha...},
	author = {Dharmani, C. C.},
	urldate = {2020-09-12},
	date = {2009-01-31},
	file = {Snapshot:C\:\\Users\\kimsc\\Zotero\\storage\\7MWR6LLJ\\sd-card-interfacing-with-atmega8-fat32.html:text/html}
}

@online{hammer_hterm_nodate,
	title = {{HTerm}},
	url = {http://www.der-hammer.info/pages/terminal.html},
	abstract = {{HTerm} is a terminal program for Windows that allows in- and output in different number systems},
	titleaddon = {der-hammer},
	author = {Hammer, Tobias},
	urldate = {2020-09-12},
	langid = {english},
	file = {Snapshot:C\:\\Users\\kimsc\\Zotero\\storage\\CZULSVIF\\terminal.html:text/html}
}